<?xml version="1.0" encoding="UTF-8"?><collection xmlns="http://www.loc.gov/MARC21/slim"><record><leader>00412nam--2200133-i-4500</leader><controlfield tag="001">000023955</controlfield><controlfield tag="002">20161230</controlfield><controlfield tag="005">20161230201035</controlfield><controlfield tag="008">060222s1000------------r-----000-0-eng-d</controlfield><datafield ind1=" " ind2=" " tag="080"><subfield code="a">681.3.02</subfield></datafield><datafield ind1=" " ind2=" " tag="100"><subfield code="a">Hartenstein, Reiner W</subfield></datafield><datafield ind1=" " ind2=" " tag="245"><subfield code="a">Fundamntals of structuresd hardware design. a language approach at register  transfer level</subfield></datafield><datafield ind1=" " ind2=" " tag="260"><subfield code="a">Amsterdam, North-holland Publ.Comp.,1977. Xiv + 323 P</subfield></datafield><datafield ind1=" " ind2=" " tag="852"><subfield code="a">48003</subfield></datafield></record></collection>